@article{storey2003statistical,
  title={Statistical significance for genomewide studies},
  author={Storey, John D and Tibshirani, Robert},
  journal={Proceedings of the National Academy of Sciences},
  volume={100},
  number={16},
  pages={9440--9445},
  year={2003},
  publisher={National Acad Sciences}
  }
  
  @online{lifelines,
  author = {Cam Davidson-Pilon},
  title = {Lifelines},
  year = 2014,
  url = {http://lifelines.readthedocs.io/en/latest/Quickstart.html},
  urldate = {2014-01-01}
}